@Book{xie2015,
  title = {Dynamic Documents with {R} and knitr},
  author = {Yihui Xie},
  publisher = {Chapman and Hall/CRC},
  address = {Boca Raton, Florida},
  year = {2015},
  edition = {2nd},
  note = {ISBN 978-1498716963},
  url = {http://yihui.org/knitr/},
}

@book{galtung1973,
	title = {Teoría y Método de la Investigación Social},
	author = {Galtung, Johan},
	year = {1973},
	date = {1973},
	publisher = {Eudeba},
	volume = {I},
	address = {Buenos Aires}
}

@book{scott2017,
	title = {Social Network Analysis},
	author = {Scott, John},
	year = {2017},
	date = {2017},
	publisher = {Sage Publications},
	edition = {4th},
	address = {London}
}

@article{euler1741,
	title = {Solutio problematis ad geometriam situs pertinentis},
	author = {Euler, Leonard},
	year = {1741},
	date = {1741},
	journal = {Commentarii academiae scientiarum Petropolitanae},
	pages = {128--140},
	volume = {8}
}

@article{calhoun1962,
	title = {Population density and Social Pathology},
	author = {Calhoun, John},
	year = {1962},
	date = {1962},
	journal = {Scientific American},
	pages = {139--148}
}

@article{solari2012,
	title = {Housing crowding effect on chlidren's wellbeing},
	author = {Solari, Claudia and Mare, Robert},
	year = {2012},
	date = {2012},
	journal = {Soc Sci Res},
	pages = {464--476},
	volume = {41},
	number = {2}
}

@article{indec,
	title = {Sistema de estadísticas sociodemográficas (SESD). Definiciones y conceptos utilizados en los cuadros},
	author = {INDEC, },
	url = {https://www.indec.gob.ar/ftp//nuevaweb/cuadros/7/sesd_glosario.pdf}
}

@book{klimovsky1998,
	title = {La inexplicable sociedad},
	author = {Klimovsky, Gregorio},
	year = {1998},
	date = {1998},
	publisher = {A-Z editores},
	address = {Buenos Aires}
}
